<record><leader>00000cas a22000007a 4500</leader><controlfield tag="001">22444592</controlfield><controlfield tag="008">900927d18981900mnuwr ne      0    0eng d</controlfield><datafield ind1=" " ind2=" " tag="010"><subfield code="a">sn 90060451 </subfield></datafield><datafield ind1=" " ind2=" " tag="040"><subfield code="a">MN#</subfield><subfield code="b">eng</subfield><subfield code="c">MN#</subfield><subfield code="d">OCLCQ</subfield></datafield><datafield ind1=" " ind2=" " tag="042"><subfield code="a">msc</subfield></datafield><datafield ind1=" " ind2=" " tag="043"><subfield code="a">n-us-mn</subfield></datafield><datafield ind1=" " ind2=" " tag="052"><subfield code="a">4144</subfield><subfield code="b">K6</subfield></datafield><datafield ind1=" " ind2=" " tag="052"><subfield code="a">4143</subfield><subfield code="b">I5</subfield></datafield><datafield ind1="0" ind2="0" tag="245"><subfield code="a">Rainy Lake herald and Koochiching advertiser.</subfield></datafield><datafield ind1=" " ind2=" " tag="260"><subfield code="a">Koochiching, Itasca County, Minn. :</subfield><subfield code="b">J.A. Osborne,</subfield><subfield code="c">1898-1900.</subfield></datafield><datafield ind1=" " ind2=" " tag="300"><subfield code="a">3 v.</subfield></datafield><datafield ind1=" " ind2=" " tag="310"><subfield code="a">Weekly</subfield></datafield><datafield ind1="0" ind2=" " tag="362"><subfield code="a">Vol. 5, no. 13 (Sept. 15, 1898)-v. 7, no. 25 (Dec. 6, 1900).</subfield></datafield><datafield ind1=" " ind2=" " tag="530"><subfield code="a">Available on microfilm from the Minnesota Historical Society.</subfield></datafield><datafield ind1=" " ind2="0" tag="651"><subfield code="a">Koochiching (Minn.)</subfield><subfield code="v">Newspapers.</subfield></datafield><datafield ind1=" " ind2=" " tag="752"><subfield code="a">United States</subfield><subfield code="b">Minnesota</subfield><subfield code="c">Koochiching</subfield><subfield code="d">Koochiching.</subfield></datafield><datafield ind1=" " ind2=" " tag="752"><subfield code="a">United States</subfield><subfield code="b">Minnesota</subfield><subfield code="c">Itasca</subfield><subfield code="d">Koochiching.</subfield></datafield><datafield ind1="0" ind2="0" tag="780"><subfield code="t">Rainy Lake herald (Rainy Lake City, Minn.)</subfield><subfield code="w">(DLC)sn 90060450</subfield></datafield><datafield ind1="0" ind2="0" tag="785"><subfield code="t">Rainy Lake herald (Koochiching, Minn.)</subfield><subfield code="w">(DLC)sn 90060452</subfield></datafield><datafield ind1="1" ind2=" " tag="029"><subfield code="a">AU@</subfield><subfield code="b">000025907913</subfield></datafield></record>